@book{.,
 title = {Proceedings of the 20th spring conference on Computer graphics}
}


@patent{B.E.Bayer.July201976,
 author = {{B. E. Bayer}},
 year = {July  20,  1976},
 title = {Color Imaging Array},
 number = {3,971,065}
}


@misc{BeagleBoardcommunity.September122013,
 author = {{BeagleBoard community}},
 year = {September 12, 2013},
 title = {BeagleBoard-xM},
 url = {http://beagleboard.org/Products/BeagleBoard-xM},
 urldate = {September 29, 2013}
}


@misc{DanielSung.2008,
 author = {{Daniel Sung}},
 year = {2008},
 title = {Olympus 360 degree camera lens},
 url = {http://www.techdigest.tv/2008/07/olympus_360_deg.html},
 urldate = {Oktober 9, 2013}
}


@article{GomesAugusto.2006,
 author = {Gomes Augusto, Sylvia and Orry, Lionel},
 year = {2006},
 title = {C Compilers for ARM:  Benchmark}
}


@incollection{Herout.,
 author = {Herout, Adam and Zemcik, Pavel},
 title = {Animated Particle Rendering in DSP and FPGA},
 url = {http://www.worldcat.org/oclc/809808669},
 urldate = {29.09.2013},
 pages = {220--225},
 booktitle = {Proceedings of the 20th spring conference on Computer graphics}
}


@misc{JonathanThomson.2010,
 author = {{Jonathan Thomson}},
 year = {2010},
 title = {Web Journal: Spectrometer Articles},
 url = {http://jethomson.files.wordpress.com/2010/11/bayer_pattern_tall.png}
}


@article{KentonWilliston.March2005,
 author = {{Kenton Williston}},
 year = {March 2005},
 title = {Microprocessors vs. DSPs: Fundamentals and Distinctions}
}


@misc{PatrickMihelich.March152013,
 author = {{Patrick Mihelich} and {Kurt Konolige} and {Jeremy Leibs}},
 editor = {{David Gossow}},
 year = {March 15, 2013},
 title = {image{\_}proc: Monocular processing example},
 url = {http://wiki.ros.org/image_proc},
 urldate = {October 8, 2013}
}


@misc{Quigley.2009,
 author = {Quigley, Morgan and Gerkey, Brian and Conley, Ken and Faust, Josh and Foote, Tully and Leibs, Jeremy and Berger, Eric and Wheeler, Rob and {Ng Andrew}},
 year = {2009},
 title = {ROS: an open-source Robot Operating System},
 url = {http://www.robotics.stanford.edu/~ang/papers/icraoss09-ROS.pdf},
 urldate = {29-September-2013}
}


@phdthesis{Reithmeier.September122012,
 author = {Reithmeier, Michael David},
 year = {September 12, 2012},
 title = {Evaluation of the Ti DaVinci DM3730 Coprocessors focusing on Image Processing Algorithms in order to disburden the CPU},
 address = {Munich},
 urldate = {29.09.2012},
 publisher = {Fakult{\"a}t f{\"u}r Informatik},
 school = {{Technische Universit{\"a}t M{\"u}nchen}}
}


@misc{TexasInstruments.July2011,
 author = {{Texas Instruments}},
 year = {July 2011},
 title = {DM3730, DM3725 Digital Media Processors},
 url = {http://www.ti.com/lit/ds/symlink/dm3730.pdf}
}


@misc{YuasaAkihisa.,
 author = {{Yuasa Akihisa}},
 title = {Seagull sky},
 url = {http://web-japan.org/kidsweb/hitech/360-degree/images/005.jpg},
 urldate = {October 9, 2013}
}


